%YAML 1.1
%TAG !u! tag:unity3d.com,2011:
--- !u!29 &1
OcclusionCullingSettings:
  m_ObjectHideFlags: 0
  serializedVersion: 2
  m_OcclusionBakeSettings:
    smallestOccluder: 5
    smallestHole: 0.25
    backfaceThreshold: 100
  m_SceneGUID: 00000000000000000000000000000000
  m_OcclusionCullingData: {fileID: 0}
--- !u!104 &2
RenderSettings:
  m_ObjectHideFlags: 0
  serializedVersion: 9
  m_Fog: 0
  m_FogColor: {r: 0.5, g: 0.5, b: 0.5, a: 1}
  m_FogMode: 3
  m_FogDensity: 0.01
  m_LinearFogStart: 0
  m_LinearFogEnd: 300
  m_AmbientSkyColor: {r: 0.212, g: 0.227, b: 0.259, a: 1}
  m_AmbientEquatorColor: {r: 0.114, g: 0.125, b: 0.133, a: 1}
  m_AmbientGroundColor: {r: 0.047, g: 0.043, b: 0.035, a: 1}
  m_AmbientIntensity: 1
  m_AmbientMode: 3
  m_SubtractiveShadowColor: {r: 0.42, g: 0.478, b: 0.627, a: 1}
  m_SkyboxMaterial: {fileID: 0}
  m_HaloStrength: 0.5
  m_FlareStrength: 1
  m_FlareFadeSpeed: 3
  m_HaloTexture: {fileID: 0}
  m_SpotCookie: {fileID: 10001, guid: 0000000000000000e000000000000000, type: 0}
  m_DefaultReflectionMode: 0
  m_DefaultReflectionResolution: 128
  m_ReflectionBounces: 1
  m_ReflectionIntensity: 1
  m_CustomReflection: {fileID: 0}
  m_Sun: {fileID: 0}
  m_IndirectSpecularColor: {r: 0, g: 0, b: 0, a: 1}
  m_UseRadianceAmbientProbe: 0
--- !u!157 &3
LightmapSettings:
  m_ObjectHideFlags: 0
  serializedVersion: 11
  m_GIWorkflowMode: 1
  m_GISettings:
    serializedVersion: 2
    m_BounceScale: 1
    m_IndirectOutputScale: 1
    m_AlbedoBoost: 1
    m_EnvironmentLightingMode: 0
    m_EnableBakedLightmaps: 0
    m_EnableRealtimeLightmaps: 0
  m_LightmapEditorSettings:
    serializedVersion: 10
    m_Resolution: 2
    m_BakeResolution: 40
    m_AtlasSize: 1024
    m_AO: 0
    m_AOMaxDistance: 1
    m_CompAOExponent: 1
    m_CompAOExponentDirect: 0
    m_Padding: 2
    m_LightmapParameters: {fileID: 0}
    m_LightmapsBakeMode: 1
    m_TextureCompression: 1
    m_FinalGather: 0
    m_FinalGatherFiltering: 1
    m_FinalGatherRayCount: 256
    m_ReflectionCompression: 2
    m_MixedBakeMode: 2
    m_BakeBackend: 0
    m_PVRSampling: 1
    m_PVRDirectSampleCount: 32
    m_PVRSampleCount: 500
    m_PVRBounces: 2
    m_PVRFilterTypeDirect: 0
    m_PVRFilterTypeIndirect: 0
    m_PVRFilterTypeAO: 0
    m_PVRFilteringMode: 1
    m_PVRCulling: 1
    m_PVRFilteringGaussRadiusDirect: 1
    m_PVRFilteringGaussRadiusIndirect: 5
    m_PVRFilteringGaussRadiusAO: 2
    m_PVRFilteringAtrousPositionSigmaDirect: 0.5
    m_PVRFilteringAtrousPositionSigmaIndirect: 2
    m_PVRFilteringAtrousPositionSigmaAO: 1
    m_ShowResolutionOverlay: 1
  m_LightingDataAsset: {fileID: 0}
  m_UseShadowmask: 1
--- !u!196 &4
NavMeshSettings:
  serializedVersion: 2
  m_ObjectHideFlags: 0
  m_BuildSettings:
    serializedVersion: 2
    agentTypeID: 0
    agentRadius: 0.5
    agentHeight: 2
    agentSlope: 45
    agentClimb: 0.4
    ledgeDropHeight: 0
    maxJumpAcrossDistance: 0
    minRegionArea: 2
    manualCellSize: 0
    cellSize: 0.16666667
    manualTileSize: 0
    tileSize: 256
    accuratePlacement: 0
    debug:
      m_Flags: 0
  m_NavMeshData: {fileID: 0}
--- !u!1001 &39027462
PrefabInstance:
  m_ObjectHideFlags: 0
  serializedVersion: 2
  m_Modification:
    m_TransformParent: {fileID: 961062896}
    m_Modifications:
    - target: {fileID: 9175978459596858386, guid: 719f5226b090e6a4c89822e4e47cf758,
        type: 3}
      propertyPath: m_Name
      value: Lose Collider
      objectReference: {fileID: 0}
    - target: {fileID: 9175978459596858385, guid: 719f5226b090e6a4c89822e4e47cf758,
        type: 3}
      propertyPath: m_LocalPosition.x
      value: 0
      objectReference: {fileID: 0}
    - target: {fileID: 9175978459596858385, guid: 719f5226b090e6a4c89822e4e47cf758,
        type: 3}
      propertyPath: m_LocalPosition.y
      value: -5
      objectReference: {fileID: 0}
    - target: {fileID: 9175978459596858385, guid: 719f5226b090e6a4c89822e4e47cf758,
        type: 3}
      propertyPath: m_LocalPosition.z
      value: 0
      objectReference: {fileID: 0}
    - target: {fileID: 9175978459596858385, guid: 719f5226b090e6a4c89822e4e47cf758,
        type: 3}
      propertyPath: m_LocalRotation.x
      value: 0
      objectReference: {fileID: 0}
    - target: {fileID: 9175978459596858385, guid: 719f5226b090e6a4c89822e4e47cf758,
        type: 3}
      propertyPath: m_LocalRotation.y
      value: 0
      objectReference: {fileID: 0}
    - target: {fileID: 9175978459596858385, guid: 719f5226b090e6a4c89822e4e47cf758,
        type: 3}
      propertyPath: m_LocalRotation.z
      value: 0
      objectReference: {fileID: 0}
    - target: {fileID: 9175978459596858385, guid: 719f5226b090e6a4c89822e4e47cf758,
        type: 3}
      propertyPath: m_LocalRotation.w
      value: 1
      objectReference: {fileID: 0}
    - target: {fileID: 9175978459596858385, guid: 719f5226b090e6a4c89822e4e47cf758,
        type: 3}
      propertyPath: m_RootOrder
      value: 9
      objectReference: {fileID: 0}
    - target: {fileID: 9175978459596858385, guid: 719f5226b090e6a4c89822e4e47cf758,
        type: 3}
      propertyPath: m_LocalEulerAnglesHint.x
      value: 0
      objectReference: {fileID: 0}
    - target: {fileID: 9175978459596858385, guid: 719f5226b090e6a4c89822e4e47cf758,
        type: 3}
      propertyPath: m_LocalEulerAnglesHint.y
      value: 0
      objectReference: {fileID: 0}
    - target: {fileID: 9175978459596858385, guid: 719f5226b090e6a4c89822e4e47cf758,
        type: 3}
      propertyPath: m_LocalEulerAnglesHint.z
      value: 0
      objectReference: {fileID: 0}
    m_RemovedComponents: []
  m_SourcePrefab: {fileID: 100100000, guid: 719f5226b090e6a4c89822e4e47cf758, type: 3}
--- !u!4 &39027463 stripped
Transform:
  m_CorrespondingSourceObject: {fileID: 9175978459596858385, guid: 719f5226b090e6a4c89822e4e47cf758,
    type: 3}
  m_PrefabInstance: {fileID: 39027462}
  m_PrefabAsset: {fileID: 0}
--- !u!1 &88353354
GameObject:
  m_ObjectHideFlags: 0
  m_CorrespondingSourceObject: {fileID: 0}
  m_PrefabInstance: {fileID: 0}
  m_PrefabAsset: {fileID: 0}
  serializedVersion: 6
  m_Component:
  - component: {fileID: 88353355}
  - component: {fileID: 88353358}
  - component: {fileID: 88353357}
  - component: {fileID: 88353356}
  m_Layer: 5
  m_Name: Button
  m_TagString: Untagged
  m_Icon: {fileID: 0}
  m_NavMeshLayer: 0
  m_StaticEditorFlags: 0
  m_IsActive: 1
--- !u!224 &88353355
RectTransform:
  m_ObjectHideFlags: 0
  m_CorrespondingSourceObject: {fileID: 0}
  m_PrefabInstance: {fileID: 0}
  m_PrefabAsset: {fileID: 0}
  m_GameObject: {fileID: 88353354}
  m_LocalRotation: {x: 0, y: 0, z: 0, w: 1}
  m_LocalPosition: {x: 0, y: 0, z: 0}
  m_LocalScale: {x: 1, y: 1, z: 1}
  m_Children:
  - {fileID: 2039838016}
  m_Father: {fileID: 1019356096}
  m_RootOrder: 0
  m_LocalEulerAnglesHint: {x: 0, y: 0, z: 0}
  m_AnchorMin: {x: 0, y: 0}
  m_AnchorMax: {x: 1, y: 1}
  m_AnchoredPosition: {x: 0, y: 0}
  m_SizeDelta: {x: 0, y: 0}
  m_Pivot: {x: 0.5, y: 0.5}
--- !u!114 &88353356
MonoBehaviour:
  m_ObjectHideFlags: 0
  m_CorrespondingSourceObject: {fileID: 0}
  m_PrefabInstance: {fileID: 0}
  m_PrefabAsset: {fileID: 0}
  m_GameObject: {fileID: 88353354}
  m_Enabled: 1
  m_EditorHideFlags: 0
  m_Script: {fileID: 1392445389, guid: f70555f144d8491a825f0804e09c671c, type: 3}
  m_Name: 
  m_EditorClassIdentifier: 
  m_Navigation:
    m_Mode: 3
    m_SelectOnUp: {fileID: 0}
    m_SelectOnDown: {fileID: 0}
    m_SelectOnLeft: {fileID: 0}
    m_SelectOnRight: {fileID: 0}
  m_Transition: 1
  m_Colors:
    m_NormalColor: {r: 1, g: 1, b: 1, a: 1}
    m_HighlightedColor: {r: 0.9607843, g: 0.9607843, b: 0.9607843, a: 1}
    m_PressedColor: {r: 0.78431374, g: 0.78431374, b: 0.78431374, a: 1}
    m_DisabledColor: {r: 0.78431374, g: 0.78431374, b: 0.78431374, a: 0.5019608}
    m_ColorMultiplier: 1
    m_FadeDuration: 0.1
  m_SpriteState:
    m_HighlightedSprite: {fileID: 0}
    m_PressedSprite: {fileID: 0}
    m_DisabledSprite: {fileID: 0}
  m_AnimationTriggers:
    m_NormalTrigger: Normal
    m_HighlightedTrigger: Highlighted
    m_PressedTrigger: Pressed
    m_DisabledTrigger: Disabled
  m_Interactable: 1
  m_TargetGraphic: {fileID: 88353357}
  m_OnClick:
    m_PersistentCalls:
      m_Calls: []
    m_TypeName: UnityEngine.UI.Button+ButtonClickedEvent, UnityEngine.UI, Version=1.0.0.0,
      Culture=neutral, PublicKeyToken=null
--- !u!114 &88353357
MonoBehaviour:
  m_ObjectHideFlags: 0
  m_CorrespondingSourceObject: {fileID: 0}
  m_PrefabInstance: {fileID: 0}
  m_PrefabAsset: {fileID: 0}
  m_GameObject: {fileID: 88353354}
  m_Enabled: 1
  m_EditorHideFlags: 0
  m_Script: {fileID: -765806418, guid: f70555f144d8491a825f0804e09c671c, type: 3}
  m_Name: 
  m_EditorClassIdentifier: 
  m_Material: {fileID: 0}
  m_Color: {r: 1, g: 1, b: 1, a: 1}
  m_RaycastTarget: 1
  m_OnCullStateChanged:
    m_PersistentCalls:
      m_Calls: []
    m_TypeName: UnityEngine.UI.MaskableGraphic+CullStateChangedEvent, UnityEngine.UI,
      Version=1.0.0.0, Culture=neutral, PublicKeyToken=null
  m_Sprite: {fileID: 10905, guid: 0000000000000000f000000000000000, type: 0}
  m_Type: 1
  m_PreserveAspect: 0
  m_FillCenter: 1
  m_FillMethod: 4
  m_FillAmount: 1
  m_FillClockwise: 1
  m_FillOrigin: 0
  m_UseSpriteMesh: 0
--- !u!222 &88353358
CanvasRenderer:
  m_ObjectHideFlags: 0
  m_CorrespondingSourceObject: {fileID: 0}
  m_PrefabInstance: {fileID: 0}
  m_PrefabAsset: {fileID: 0}
  m_GameObject: {fileID: 88353354}
  m_CullTransparentMesh: 0
--- !u!4 &491739421 stripped
Transform:
  m_CorrespondingSourceObject: {fileID: 8890395059497633817, guid: c8778f93926dfdf40be23ad27e2a714e,
    type: 3}
  m_PrefabInstance: {fileID: 8802774443164709693}
  m_PrefabAsset: {fileID: 0}
--- !u!1001 &504024107
PrefabInstance:
  m_ObjectHideFlags: 0
  serializedVersion: 2
  m_Modification:
    m_TransformParent: {fileID: 961062896}
    m_Modifications:
    - target: {fileID: 1392079237927822884, guid: 266f07134d5924f4c95bb57ece32c698,
        type: 3}
      propertyPath: m_Name
      value: Top Wall
      objectReference: {fileID: 0}
    - target: {fileID: 1392079237927822886, guid: 266f07134d5924f4c95bb57ece32c698,
        type: 3}
      propertyPath: m_LocalPosition.x
      value: -0
      objectReference: {fileID: 0}
    - target: {fileID: 1392079237927822886, guid: 266f07134d5924f4c95bb57ece32c698,
        type: 3}
      propertyPath: m_LocalPosition.y
      value: 12.5
      objectReference: {fileID: 0}
    - target: {fileID: 1392079237927822886, guid: 266f07134d5924f4c95bb57ece32c698,
        type: 3}
      propertyPath: m_LocalPosition.z
      value: 0
      objectReference: {fileID: 0}
    - target: {fileID: 1392079237927822886, guid: 266f07134d5924f4c95bb57ece32c698,
        type: 3}
      propertyPath: m_LocalRotation.x
      value: -0.00000026341777
      objectReference: {fileID: 0}
    - target: {fileID: 1392079237927822886, guid: 266f07134d5924f4c95bb57ece32c698,
        type: 3}
      propertyPath: m_LocalRotation.y
      value: 0.00000026341777
      objectReference: {fileID: 0}
    - target: {fileID: 1392079237927822886, guid: 266f07134d5924f4c95bb57ece32c698,
        type: 3}
      propertyPath: m_LocalRotation.z
      value: -0.70710677
      objectReference: {fileID: 0}
    - target: {fileID: 1392079237927822886, guid: 266f07134d5924f4c95bb57ece32c698,
        type: 3}
      propertyPath: m_LocalRotation.w
      value: 0.7071068
      objectReference: {fileID: 0}
    - target: {fileID: 1392079237927822886, guid: 266f07134d5924f4c95bb57ece32c698,
        type: 3}
      propertyPath: m_RootOrder
      value: 8
      objectReference: {fileID: 0}
    - target: {fileID: 1392079237927822886, guid: 266f07134d5924f4c95bb57ece32c698,
        type: 3}
      propertyPath: m_LocalEulerAnglesHint.x
      value: 0
      objectReference: {fileID: 0}
    - target: {fileID: 1392079237927822886, guid: 266f07134d5924f4c95bb57ece32c698,
        type: 3}
      propertyPath: m_LocalEulerAnglesHint.y
      value: 0
      objectReference: {fileID: 0}
    - target: {fileID: 1392079237927822886, guid: 266f07134d5924f4c95bb57ece32c698,
        type: 3}
      propertyPath: m_LocalEulerAnglesHint.z
      value: -90.00001
      objectReference: {fileID: 0}
    m_RemovedComponents: []
  m_SourcePrefab: {fileID: 100100000, guid: 266f07134d5924f4c95bb57ece32c698, type: 3}
--- !u!4 &504024108 stripped
Transform:
  m_CorrespondingSourceObject: {fileID: 1392079237927822886, guid: 266f07134d5924f4c95bb57ece32c698,
    type: 3}
  m_PrefabInstance: {fileID: 504024107}
  m_PrefabAsset: {fileID: 0}
--- !u!1 &519420028
GameObject:
  m_ObjectHideFlags: 0
  m_CorrespondingSourceObject: {fileID: 0}
  m_PrefabInstance: {fileID: 0}
  m_PrefabAsset: {fileID: 0}
  serializedVersion: 6
  m_Component:
  - component: {fileID: 519420032}
  - component: {fileID: 519420031}
  - component: {fileID: 519420029}
  m_Layer: 0
  m_Name: Main Camera
  m_TagString: MainCamera
  m_Icon: {fileID: 0}
  m_NavMeshLayer: 0
  m_StaticEditorFlags: 0
  m_IsActive: 1
--- !u!81 &519420029
AudioListener:
  m_ObjectHideFlags: 0
  m_CorrespondingSourceObject: {fileID: 0}
  m_PrefabInstance: {fileID: 0}
  m_PrefabAsset: {fileID: 0}
  m_GameObject: {fileID: 519420028}
  m_Enabled: 1
--- !u!20 &519420031
Camera:
  m_ObjectHideFlags: 0
  m_CorrespondingSourceObject: {fileID: 0}
  m_PrefabInstance: {fileID: 0}
  m_PrefabAsset: {fileID: 0}
  m_GameObject: {fileID: 519420028}
  m_Enabled: 1
  serializedVersion: 2
  m_ClearFlags: 2
  m_BackGroundColor: {r: 0.7019608, g: 0.7019608, b: 0.7019608, a: 0}
  m_projectionMatrixMode: 1
  m_SensorSize: {x: 36, y: 24}
  m_LensShift: {x: 0, y: 0}
  m_GateFitMode: 2
  m_FocalLength: 50
  m_NormalizedViewPortRect:
    serializedVersion: 2
    x: 0
    y: 0
    width: 1
    height: 1
  near clip plane: 0.3
  far clip plane: 1000
  field of view: 60
  orthographic: 1
  orthographic size: 16
  m_Depth: -1
  m_CullingMask:
    serializedVersion: 2
    m_Bits: 4294967295
  m_RenderingPath: -1
  m_TargetTexture: {fileID: 0}
  m_TargetDisplay: 0
  m_TargetEye: 0
  m_HDR: 1
  m_AllowMSAA: 0
  m_AllowDynamicResolution: 0
  m_ForceIntoRT: 0
  m_OcclusionCulling: 0
  m_StereoConvergence: 10
  m_StereoSeparation: 0.022
--- !u!4 &519420032
Transform:
  m_ObjectHideFlags: 0
  m_CorrespondingSourceObject: {fileID: 0}
  m_PrefabInstance: {fileID: 0}
  m_PrefabAsset: {fileID: 0}
  m_GameObject: {fileID: 519420028}
  m_LocalRotation: {x: 0, y: 0, z: 0, w: 1}
  m_LocalPosition: {x: 0, y: 0, z: -10}
  m_LocalScale: {x: 1, y: 1, z: 1}
  m_Children: []
  m_Father: {fileID: 0}
  m_RootOrder: 0
  m_LocalEulerAnglesHint: {x: 0, y: 0, z: 0}
--- !u!1 &720578988
GameObject:
  m_ObjectHideFlags: 0
  m_CorrespondingSourceObject: {fileID: 0}
  m_PrefabInstance: {fileID: 0}
  m_PrefabAsset: {fileID: 0}
  serializedVersion: 6
  m_Component:
  - component: {fileID: 720578989}
  - component: {fileID: 720578990}
  m_Layer: 0
  m_Name: Score Box
  m_TagString: Untagged
  m_Icon: {fileID: 0}
  m_NavMeshLayer: 0
  m_StaticEditorFlags: 0
  m_IsActive: 1
--- !u!4 &720578989
Transform:
  m_ObjectHideFlags: 0
  m_CorrespondingSourceObject: {fileID: 0}
  m_PrefabInstance: {fileID: 0}
  m_PrefabAsset: {fileID: 0}
  m_GameObject: {fileID: 720578988}
  m_LocalRotation: {x: -0, y: -0, z: -0, w: 1}
  m_LocalPosition: {x: 6.054001, y: 13.949997, z: 0}
  m_LocalScale: {x: 0.799, y: 1, z: 1}
  m_Children: []
  m_Father: {fileID: 961062896}
  m_RootOrder: 0
  m_LocalEulerAnglesHint: {x: 0, y: 0, z: 0}
--- !u!212 &720578990
SpriteRenderer:
  m_ObjectHideFlags: 0
  m_CorrespondingSourceObject: {fileID: 0}
  m_PrefabInstance: {fileID: 0}
  m_PrefabAsset: {fileID: 0}
  m_GameObject: {fileID: 720578988}
  m_Enabled: 1
  m_CastShadows: 0
  m_ReceiveShadows: 0
  m_DynamicOccludee: 1
  m_MotionVectors: 1
  m_LightProbeUsage: 1
  m_ReflectionProbeUsage: 1
  m_RenderingLayerMask: 1
  m_RendererPriority: 0
  m_Materials:
  - {fileID: 10754, guid: 0000000000000000f000000000000000, type: 0}
  m_StaticBatchInfo:
    firstSubMesh: 0
    subMeshCount: 0
  m_StaticBatchRoot: {fileID: 0}
  m_ProbeAnchor: {fileID: 0}
  m_LightProbeVolumeOverride: {fileID: 0}
  m_ScaleInLightmap: 1
  m_PreserveUVs: 0
  m_IgnoreNormalsForChartDetection: 0
  m_ImportantGI: 0
  m_StitchLightmapSeams: 0
  m_SelectedEditorRenderState: 0
  m_MinimumChartSize: 4
  m_AutoUVMaxDistance: 0.5
  m_AutoUVMaxAngle: 89
  m_LightmapParameters: {fileID: 0}
  m_SortingLayerID: 0
  m_SortingLayer: 0
  m_SortingOrder: 0
  m_Sprite: {fileID: 21300000, guid: 0ce9b15acca2ca045bbc2b800315867c, type: 3}
  m_Color: {r: 1, g: 1, b: 1, a: 1}
  m_FlipX: 0
  m_FlipY: 0
  m_DrawMode: 0
  m_Size: {x: 7.12, y: 1.84}
  m_AdaptiveModeThreshold: 0.5
  m_SpriteTileMode: 0
  m_WasSpriteAssigned: 1
  m_MaskInteraction: 0
  m_SpriteSortPoint: 0
--- !u!1 &961062895
GameObject:
  m_ObjectHideFlags: 0
  m_CorrespondingSourceObject: {fileID: 0}
  m_PrefabInstance: {fileID: 0}
  m_PrefabAsset: {fileID: 0}
  serializedVersion: 6
  m_Component:
  - component: {fileID: 961062896}
  m_Layer: 0
  m_Name: Play Space
  m_TagString: Untagged
  m_Icon: {fileID: 0}
  m_NavMeshLayer: 0
  m_StaticEditorFlags: 0
  m_IsActive: 1
--- !u!4 &961062896
Transform:
  m_ObjectHideFlags: 0
  m_CorrespondingSourceObject: {fileID: 0}
  m_PrefabInstance: {fileID: 0}
  m_PrefabAsset: {fileID: 0}
  m_GameObject: {fileID: 961062895}
  m_LocalRotation: {x: 0, y: 0, z: 0, w: 1}
  m_LocalPosition: {x: 0, y: 0, z: 0}
  m_LocalScale: {x: 1, y: 1, z: 1}
  m_Children:
  - {fileID: 720578989}
  - {fileID: 491739421}
  - {fileID: 4683557417671283892}
  - {fileID: 6375824472823586419}
  - {fileID: 1799633168}
  - {fileID: 1500725037}
  - {fileID: 2070669457}
  - {fileID: 1186221679}
  - {fileID: 504024108}
  - {fileID: 39027463}
  m_Father: {fileID: 0}
  m_RootOrder: 2
  m_LocalEulerAnglesHint: {x: 0, y: 0, z: 0}
--- !u!1001 &1019356095
PrefabInstance:
  m_ObjectHideFlags: 0
  serializedVersion: 2
  m_Modification:
    m_TransformParent: {fileID: 0}
    m_Modifications:
    - target: {fileID: 3398643205544620144, guid: 539d0f412570a94438bd67890e5ac98f,
        type: 3}
      propertyPath: m_Name
      value: Game Logic
      objectReference: {fileID: 0}
    - target: {fileID: 3398643205544620158, guid: 539d0f412570a94438bd67890e5ac98f,
        type: 3}
      propertyPath: m_LocalPosition.x
      value: 0
      objectReference: {fileID: 0}
    - target: {fileID: 3398643205544620158, guid: 539d0f412570a94438bd67890e5ac98f,
        type: 3}
      propertyPath: m_LocalPosition.y
      value: 0
      objectReference: {fileID: 0}
    - target: {fileID: 3398643205544620158, guid: 539d0f412570a94438bd67890e5ac98f,
        type: 3}
      propertyPath: m_LocalPosition.z
      value: 0
      objectReference: {fileID: 0}
    - target: {fileID: 3398643205544620158, guid: 539d0f412570a94438bd67890e5ac98f,
        type: 3}
      propertyPath: m_LocalRotation.x
      value: 0
      objectReference: {fileID: 0}
    - target: {fileID: 3398643205544620158, guid: 539d0f412570a94438bd67890e5ac98f,
        type: 3}
      propertyPath: m_LocalRotation.y
      value: 0
      objectReference: {fileID: 0}
    - target: {fileID: 3398643205544620158, guid: 539d0f412570a94438bd67890e5ac98f,
        type: 3}
      propertyPath: m_LocalRotation.z
      value: 0
      objectReference: {fileID: 0}
    - target: {fileID: 3398643205544620158, guid: 539d0f412570a94438bd67890e5ac98f,
        type: 3}
      propertyPath: m_LocalRotation.w
      value: 1
      objectReference: {fileID: 0}
    - target: {fileID: 3398643205544620158, guid: 539d0f412570a94438bd67890e5ac98f,
        type: 3}
      propertyPath: m_RootOrder
      value: 4
      objectReference: {fileID: 0}
    - target: {fileID: 3398643205544620158, guid: 539d0f412570a94438bd67890e5ac98f,
        type: 3}
      propertyPath: m_LocalEulerAnglesHint.x
      value: 0
      objectReference: {fileID: 0}
    - target: {fileID: 3398643205544620158, guid: 539d0f412570a94438bd67890e5ac98f,
        type: 3}
      propertyPath: m_LocalEulerAnglesHint.y
      value: 0
      objectReference: {fileID: 0}
    - target: {fileID: 3398643205544620158, guid: 539d0f412570a94438bd67890e5ac98f,
        type: 3}
      propertyPath: m_LocalEulerAnglesHint.z
      value: 0
      objectReference: {fileID: 0}
    - target: {fileID: 3398643205544620159, guid: 539d0f412570a94438bd67890e5ac98f,
        type: 3}
      propertyPath: remainingBlocks
      value: 0
      objectReference: {fileID: 0}
    - target: {fileID: 3398643207001082231, guid: 539d0f412570a94438bd67890e5ac98f,
        type: 3}
      propertyPath: m_RootOrder
      value: 1
      objectReference: {fileID: 0}
    - target: {fileID: 4356230958478018113, guid: 539d0f412570a94438bd67890e5ac98f,
        type: 3}
      propertyPath: m_RootOrder
      value: 2
      objectReference: {fileID: 0}
    - target: {fileID: 4686195281962057384, guid: 539d0f412570a94438bd67890e5ac98f,
        type: 3}
      propertyPath: m_RootOrder
      value: 1
      objectReference: {fileID: 0}
    - target: {fileID: 2900311718067446054, guid: 539d0f412570a94438bd67890e5ac98f,
        type: 3}
      propertyPath: m_RootOrder
      value: 0
      objectReference: {fileID: 0}
    - target: {fileID: 924115197, guid: 539d0f412570a94438bd67890e5ac98f, type: 3}
      propertyPath: m_havePropertiesChanged
      value: 1
      objectReference: {fileID: 0}
    - target: {fileID: 924115197, guid: 539d0f412570a94438bd67890e5ac98f, type: 3}
      propertyPath: m_isInputParsingRequired
      value: 1
      objectReference: {fileID: 0}
    - target: {fileID: 3398643205735929797, guid: 539d0f412570a94438bd67890e5ac98f,
        type: 3}
      propertyPath: m_havePropertiesChanged
      value: 1
      objectReference: {fileID: 0}
    - target: {fileID: 3398643205735929797, guid: 539d0f412570a94438bd67890e5ac98f,
        type: 3}
      propertyPath: m_isInputParsingRequired
      value: 1
      objectReference: {fileID: 0}
    - target: {fileID: 3398643205929125524, guid: 539d0f412570a94438bd67890e5ac98f,
        type: 3}
      propertyPath: m_havePropertiesChanged
      value: 1
      objectReference: {fileID: 0}
    - target: {fileID: 3398643205929125524, guid: 539d0f412570a94438bd67890e5ac98f,
        type: 3}
      propertyPath: m_isInputParsingRequired
      value: 1
      objectReference: {fileID: 0}
    - target: {fileID: 3398643206764658817, guid: 539d0f412570a94438bd67890e5ac98f,
        type: 3}
      propertyPath: m_havePropertiesChanged
      value: 1
      objectReference: {fileID: 0}
    - target: {fileID: 3398643206764658817, guid: 539d0f412570a94438bd67890e5ac98f,
        type: 3}
      propertyPath: m_isInputParsingRequired
      value: 1
      objectReference: {fileID: 0}
    - target: {fileID: 1454293952, guid: 539d0f412570a94438bd67890e5ac98f, type: 3}
      propertyPath: m_havePropertiesChanged
      value: 1
      objectReference: {fileID: 0}
    - target: {fileID: 1454293952, guid: 539d0f412570a94438bd67890e5ac98f, type: 3}
      propertyPath: m_isInputParsingRequired
      value: 1
      objectReference: {fileID: 0}
    - target: {fileID: 3655727442342039051, guid: 539d0f412570a94438bd67890e5ac98f,
        type: 3}
      propertyPath: m_havePropertiesChanged
      value: 1
      objectReference: {fileID: 0}
    - target: {fileID: 3655727442342039051, guid: 539d0f412570a94438bd67890e5ac98f,
        type: 3}
      propertyPath: m_isInputParsingRequired
      value: 1
      objectReference: {fileID: 0}
    - target: {fileID: 3398643205591773543, guid: 539d0f412570a94438bd67890e5ac98f,
        type: 3}
      propertyPath: m_havePropertiesChanged
      value: 1
      objectReference: {fileID: 0}
    - target: {fileID: 3398643205591773543, guid: 539d0f412570a94438bd67890e5ac98f,
        type: 3}
      propertyPath: m_isInputParsingRequired
      value: 1
      objectReference: {fileID: 0}
    - target: {fileID: 3398643206986769564, guid: 539d0f412570a94438bd67890e5ac98f,
        type: 3}
      propertyPath: m_havePropertiesChanged
      value: 1
      objectReference: {fileID: 0}
    - target: {fileID: 3398643206986769564, guid: 539d0f412570a94438bd67890e5ac98f,
        type: 3}
      propertyPath: m_isInputParsingRequired
      value: 1
      objectReference: {fileID: 0}
    - target: {fileID: 3398643205799187911, guid: 539d0f412570a94438bd67890e5ac98f,
        type: 3}
      propertyPath: m_havePropertiesChanged
      value: 1
      objectReference: {fileID: 0}
    - target: {fileID: 3398643205799187911, guid: 539d0f412570a94438bd67890e5ac98f,
        type: 3}
      propertyPath: m_isInputParsingRequired
      value: 1
      objectReference: {fileID: 0}
    m_RemovedComponents: []
  m_SourcePrefab: {fileID: 100100000, guid: 539d0f412570a94438bd67890e5ac98f, type: 3}
--- !u!4 &1019356096 stripped
Transform:
  m_CorrespondingSourceObject: {fileID: 3398643205544620158, guid: 539d0f412570a94438bd67890e5ac98f,
    type: 3}
  m_PrefabInstance: {fileID: 1019356095}
  m_PrefabAsset: {fileID: 0}
--- !u!1001 &1186221678
PrefabInstance:
  m_ObjectHideFlags: 0
  serializedVersion: 2
  m_Modification:
    m_TransformParent: {fileID: 961062896}
    m_Modifications:
    - target: {fileID: 4103845060582333916, guid: 5884fcdfb2df95c4d98cdc49c2c3e445,
        type: 3}
      propertyPath: m_Name
      value: Right Wall
      objectReference: {fileID: 0}
    - target: {fileID: 4103845060582333906, guid: 5884fcdfb2df95c4d98cdc49c2c3e445,
        type: 3}
      propertyPath: m_LocalPosition.x
      value: 8.5
      objectReference: {fileID: 0}
    - target: {fileID: 4103845060582333906, guid: 5884fcdfb2df95c4d98cdc49c2c3e445,
        type: 3}
      propertyPath: m_LocalPosition.y
      value: 4
      objectReference: {fileID: 0}
    - target: {fileID: 4103845060582333906, guid: 5884fcdfb2df95c4d98cdc49c2c3e445,
        type: 3}
      propertyPath: m_LocalPosition.z
      value: 0
      objectReference: {fileID: 0}
    - target: {fileID: 4103845060582333906, guid: 5884fcdfb2df95c4d98cdc49c2c3e445,
        type: 3}
      propertyPath: m_LocalRotation.x
      value: 0
      objectReference: {fileID: 0}
    - target: {fileID: 4103845060582333906, guid: 5884fcdfb2df95c4d98cdc49c2c3e445,
        type: 3}
      propertyPath: m_LocalRotation.y
      value: 0
      objectReference: {fileID: 0}
    - target: {fileID: 4103845060582333906, guid: 5884fcdfb2df95c4d98cdc49c2c3e445,
        type: 3}
      propertyPath: m_LocalRotation.z
      value: 0
      objectReference: {fileID: 0}
    - target: {fileID: 4103845060582333906, guid: 5884fcdfb2df95c4d98cdc49c2c3e445,
        type: 3}
      propertyPath: m_LocalRotation.w
      value: 1
      objectReference: {fileID: 0}
    - target: {fileID: 4103845060582333906, guid: 5884fcdfb2df95c4d98cdc49c2c3e445,
        type: 3}
      propertyPath: m_RootOrder
      value: 7
      objectReference: {fileID: 0}
    - target: {fileID: 4103845060582333906, guid: 5884fcdfb2df95c4d98cdc49c2c3e445,
        type: 3}
      propertyPath: m_LocalEulerAnglesHint.x
      value: 0
      objectReference: {fileID: 0}
    - target: {fileID: 4103845060582333906, guid: 5884fcdfb2df95c4d98cdc49c2c3e445,
        type: 3}
      propertyPath: m_LocalEulerAnglesHint.y
      value: 0
      objectReference: {fileID: 0}
    - target: {fileID: 4103845060582333906, guid: 5884fcdfb2df95c4d98cdc49c2c3e445,
        type: 3}
      propertyPath: m_LocalEulerAnglesHint.z
      value: 0
      objectReference: {fileID: 0}
    m_RemovedComponents: []
  m_SourcePrefab: {fileID: 100100000, guid: 5884fcdfb2df95c4d98cdc49c2c3e445, type: 3}
--- !u!4 &1186221679 stripped
Transform:
  m_CorrespondingSourceObject: {fileID: 4103845060582333906, guid: 5884fcdfb2df95c4d98cdc49c2c3e445,
    type: 3}
  m_PrefabInstance: {fileID: 1186221678}
  m_PrefabAsset: {fileID: 0}
--- !u!1 &1426247040
GameObject:
  m_ObjectHideFlags: 0
  m_CorrespondingSourceObject: {fileID: 0}
  m_PrefabInstance: {fileID: 0}
  m_PrefabAsset: {fileID: 0}
  serializedVersion: 6
  m_Component:
  - component: {fileID: 1426247043}
  - component: {fileID: 1426247042}
  - component: {fileID: 1426247041}
  m_Layer: 0
  m_Name: EventSystem
  m_TagString: Untagged
  m_Icon: {fileID: 0}
  m_NavMeshLayer: 0
  m_StaticEditorFlags: 0
  m_IsActive: 1
--- !u!114 &1426247041
MonoBehaviour:
  m_ObjectHideFlags: 0
  m_CorrespondingSourceObject: {fileID: 0}
  m_PrefabInstance: {fileID: 0}
  m_PrefabAsset: {fileID: 0}
  m_GameObject: {fileID: 1426247040}
  m_Enabled: 1
  m_EditorHideFlags: 0
  m_Script: {fileID: 1077351063, guid: f70555f144d8491a825f0804e09c671c, type: 3}
  m_Name: 
  m_EditorClassIdentifier: 
  m_HorizontalAxis: Horizontal
  m_VerticalAxis: Vertical
  m_SubmitButton: Submit
  m_CancelButton: Cancel
  m_InputActionsPerSecond: 10
  m_RepeatDelay: 0.5
  m_ForceModuleActive: 0
--- !u!114 &1426247042
MonoBehaviour:
  m_ObjectHideFlags: 0
  m_CorrespondingSourceObject: {fileID: 0}
  m_PrefabInstance: {fileID: 0}
  m_PrefabAsset: {fileID: 0}
  m_GameObject: {fileID: 1426247040}
  m_Enabled: 1
  m_EditorHideFlags: 0
  m_Script: {fileID: -619905303, guid: f70555f144d8491a825f0804e09c671c, type: 3}
  m_Name: 
  m_EditorClassIdentifier: 
  m_FirstSelected: {fileID: 0}
  m_sendNavigationEvents: 1
  m_DragThreshold: 10
--- !u!4 &1426247043
Transform:
  m_ObjectHideFlags: 0
  m_CorrespondingSourceObject: {fileID: 0}
  m_PrefabInstance: {fileID: 0}
  m_PrefabAsset: {fileID: 0}
  m_GameObject: {fileID: 1426247040}
  m_LocalRotation: {x: 0, y: 0, z: 0, w: 1}
  m_LocalPosition: {x: 0, y: 0, z: 0}
  m_LocalScale: {x: 1, y: 1, z: 1}
  m_Children: []
  m_Father: {fileID: 0}
  m_RootOrder: 1
  m_LocalEulerAnglesHint: {x: 0, y: 0, z: 0}
--- !u!4 &1500725037 stripped
Transform:
  m_CorrespondingSourceObject: {fileID: 8686243749811342531, guid: a18776ea7f932864387d81bdacfe8279,
    type: 3}
  m_PrefabInstance: {fileID: 8686243750726693870}
  m_PrefabAsset: {fileID: 0}
--- !u!1001 &1739750003
PrefabInstance:
  m_ObjectHideFlags: 0
  serializedVersion: 2
  m_Modification:
    m_TransformParent: {fileID: 0}
    m_Modifications:
    - target: {fileID: 6563457609083377307, guid: 92a8a1dbee9d4c041bf4233f8c048bb8,
        type: 3}
      propertyPath: m_Name
      value: SaveLoad
      objectReference: {fileID: 0}
    - target: {fileID: 6563457609083377309, guid: 92a8a1dbee9d4c041bf4233f8c048bb8,
        type: 3}
      propertyPath: m_LocalPosition.x
      value: 0.85523766
      objectReference: {fileID: 0}
    - target: {fileID: 6563457609083377309, guid: 92a8a1dbee9d4c041bf4233f8c048bb8,
        type: 3}
      propertyPath: m_LocalPosition.y
      value: 4.060543
      objectReference: {fileID: 0}
    - target: {fileID: 6563457609083377309, guid: 92a8a1dbee9d4c041bf4233f8c048bb8,
        type: 3}
      propertyPath: m_LocalPosition.z
      value: 1.5898438
      objectReference: {fileID: 0}
    - target: {fileID: 6563457609083377309, guid: 92a8a1dbee9d4c041bf4233f8c048bb8,
        type: 3}
      propertyPath: m_LocalRotation.x
      value: 0
      objectReference: {fileID: 0}
    - target: {fileID: 6563457609083377309, guid: 92a8a1dbee9d4c041bf4233f8c048bb8,
        type: 3}
      propertyPath: m_LocalRotation.y
      value: 0
      objectReference: {fileID: 0}
    - target: {fileID: 6563457609083377309, guid: 92a8a1dbee9d4c041bf4233f8c048bb8,
        type: 3}
      propertyPath: m_LocalRotation.z
      value: 0
      objectReference: {fileID: 0}
    - target: {fileID: 6563457609083377309, guid: 92a8a1dbee9d4c041bf4233f8c048bb8,
        type: 3}
      propertyPath: m_LocalRotation.w
      value: 1
      objectReference: {fileID: 0}
    - target: {fileID: 6563457609083377309, guid: 92a8a1dbee9d4c041bf4233f8c048bb8,
        type: 3}
      propertyPath: m_RootOrder
      value: 5
      objectReference: {fileID: 0}
    - target: {fileID: 6563457609083377309, guid: 92a8a1dbee9d4c041bf4233f8c048bb8,
        type: 3}
      propertyPath: m_LocalEulerAnglesHint.x
      value: 0
      objectReference: {fileID: 0}
    - target: {fileID: 6563457609083377309, guid: 92a8a1dbee9d4c041bf4233f8c048bb8,
        type: 3}
      propertyPath: m_LocalEulerAnglesHint.y
      value: 0
      objectReference: {fileID: 0}
    - target: {fileID: 6563457609083377309, guid: 92a8a1dbee9d4c041bf4233f8c048bb8,
        type: 3}
      propertyPath: m_LocalEulerAnglesHint.z
      value: 0
      objectReference: {fileID: 0}
    m_RemovedComponents: []
  m_SourcePrefab: {fileID: 100100000, guid: 92a8a1dbee9d4c041bf4233f8c048bb8, type: 3}
--- !u!1 &1799633167
GameObject:
  m_ObjectHideFlags: 0
  m_CorrespondingSourceObject: {fileID: 0}
  m_PrefabInstance: {fileID: 0}
  m_PrefabAsset: {fileID: 0}
  serializedVersion: 6
  m_Component:
  - component: {fileID: 1799633168}
  m_Layer: 0
  m_Name: Blocks
  m_TagString: Untagged
  m_Icon: {fileID: 0}
  m_NavMeshLayer: 0
  m_StaticEditorFlags: 0
  m_IsActive: 1
--- !u!4 &1799633168
Transform:
  m_ObjectHideFlags: 0
  m_CorrespondingSourceObject: {fileID: 0}
  m_PrefabInstance: {fileID: 0}
  m_PrefabAsset: {fileID: 0}
  m_GameObject: {fileID: 1799633167}
  m_LocalRotation: {x: -0, y: -0, z: -0, w: 1}
  m_LocalPosition: {x: 0, y: 0, z: 0}
  m_LocalScale: {x: 1, y: 1, z: 1}
  m_Children:
  - {fileID: 5059518034906069097}
  m_Father: {fileID: 961062896}
  m_RootOrder: 4
  m_LocalEulerAnglesHint: {x: 0, y: 0, z: 0}
--- !u!1 &2039838015
GameObject:
  m_ObjectHideFlags: 0
  m_CorrespondingSourceObject: {fileID: 0}
  m_PrefabInstance: {fileID: 0}
  m_PrefabAsset: {fileID: 0}
  serializedVersion: 6
  m_Component:
  - component: {fileID: 2039838016}
  - component: {fileID: 2039838018}
  - component: {fileID: 2039838017}
  m_Layer: 5
  m_Name: Text
  m_TagString: Untagged
  m_Icon: {fileID: 0}
  m_NavMeshLayer: 0
  m_StaticEditorFlags: 0
  m_IsActive: 1
--- !u!224 &2039838016
RectTransform:
  m_ObjectHideFlags: 0
  m_CorrespondingSourceObject: {fileID: 0}
  m_PrefabInstance: {fileID: 0}
  m_PrefabAsset: {fileID: 0}
  m_GameObject: {fileID: 2039838015}
  m_LocalRotation: {x: 0, y: 0, z: 0, w: 1}
  m_LocalPosition: {x: 0, y: 0, z: 0}
  m_LocalScale: {x: 1, y: 1, z: 1}
  m_Children: []
  m_Father: {fileID: 88353355}
  m_RootOrder: 0
  m_LocalEulerAnglesHint: {x: 0, y: 0, z: 0}
  m_AnchorMin: {x: 0, y: 0}
  m_AnchorMax: {x: 1, y: 1}
  m_AnchoredPosition: {x: 0, y: 0}
  m_SizeDelta: {x: 0, y: 0}
  m_Pivot: {x: 0.5, y: 0.5}
--- !u!114 &2039838017
MonoBehaviour:
  m_ObjectHideFlags: 0
  m_CorrespondingSourceObject: {fileID: 0}
  m_PrefabInstance: {fileID: 0}
  m_PrefabAsset: {fileID: 0}
  m_GameObject: {fileID: 2039838015}
  m_Enabled: 1
  m_EditorHideFlags: 0
  m_Script: {fileID: 708705254, guid: f70555f144d8491a825f0804e09c671c, type: 3}
  m_Name: 
  m_EditorClassIdentifier: 
  m_Material: {fileID: 0}
  m_Color: {r: 0.19607843, g: 0.19607843, b: 0.19607843, a: 1}
  m_RaycastTarget: 1
  m_OnCullStateChanged:
    m_PersistentCalls:
      m_Calls: []
    m_TypeName: UnityEngine.UI.MaskableGraphic+CullStateChangedEvent, UnityEngine.UI,
      Version=1.0.0.0, Culture=neutral, PublicKeyToken=null
  m_FontData:
    m_Font: {fileID: 10102, guid: 0000000000000000e000000000000000, type: 0}
    m_FontSize: 14
    m_FontStyle: 0
    m_BestFit: 0
    m_MinSize: 10
    m_MaxSize: 40
    m_Alignment: 4
    m_AlignByGeometry: 0
    m_RichText: 1
    m_HorizontalOverflow: 0
    m_VerticalOverflow: 0
    m_LineSpacing: 1
  m_Text: Button
--- !u!222 &2039838018
CanvasRenderer:
  m_ObjectHideFlags: 0
  m_CorrespondingSourceObject: {fileID: 0}
  m_PrefabInstance: {fileID: 0}
  m_PrefabAsset: {fileID: 0}
  m_GameObject: {fileID: 2039838015}
  m_CullTransparentMesh: 0
--- !u!1001 &2070669456
PrefabInstance:
  m_ObjectHideFlags: 0
  serializedVersion: 2
  m_Modification:
    m_TransformParent: {fileID: 961062896}
    m_Modifications:
    - target: {fileID: 2278955375586289199, guid: 6ecc8e7667178f840bb3b4b81d4e0545,
        type: 3}
      propertyPath: m_Name
      value: Left Wall
      objectReference: {fileID: 0}
    - target: {fileID: 2278955375586289185, guid: 6ecc8e7667178f840bb3b4b81d4e0545,
        type: 3}
      propertyPath: m_LocalPosition.x
      value: -8.5
      objectReference: {fileID: 0}
    - target: {fileID: 2278955375586289185, guid: 6ecc8e7667178f840bb3b4b81d4e0545,
        type: 3}
      propertyPath: m_LocalPosition.y
      value: 4
      objectReference: {fileID: 0}
    - target: {fileID: 2278955375586289185, guid: 6ecc8e7667178f840bb3b4b81d4e0545,
        type: 3}
      propertyPath: m_LocalPosition.z
      value: 0
      objectReference: {fileID: 0}
    - target: {fileID: 2278955375586289185, guid: 6ecc8e7667178f840bb3b4b81d4e0545,
        type: 3}
      propertyPath: m_LocalRotation.x
      value: 0
      objectReference: {fileID: 0}
    - target: {fileID: 2278955375586289185, guid: 6ecc8e7667178f840bb3b4b81d4e0545,
        type: 3}
      propertyPath: m_LocalRotation.y
      value: 0
      objectReference: {fileID: 0}
    - target: {fileID: 2278955375586289185, guid: 6ecc8e7667178f840bb3b4b81d4e0545,
        type: 3}
      propertyPath: m_LocalRotation.z
      value: 0
      objectReference: {fileID: 0}
    - target: {fileID: 2278955375586289185, guid: 6ecc8e7667178f840bb3b4b81d4e0545,
        type: 3}
      propertyPath: m_LocalRotation.w
      value: 1
      objectReference: {fileID: 0}
    - target: {fileID: 2278955375586289185, guid: 6ecc8e7667178f840bb3b4b81d4e0545,
        type: 3}
      propertyPath: m_RootOrder
      value: 6
      objectReference: {fileID: 0}
    - target: {fileID: 2278955375586289185, guid: 6ecc8e7667178f840bb3b4b81d4e0545,
        type: 3}
      propertyPath: m_LocalEulerAnglesHint.x
      value: 0
      objectReference: {fileID: 0}
    - target: {fileID: 2278955375586289185, guid: 6ecc8e7667178f840bb3b4b81d4e0545,
        type: 3}
      propertyPath: m_LocalEulerAnglesHint.y
      value: 0
      objectReference: {fileID: 0}
    - target: {fileID: 2278955375586289185, guid: 6ecc8e7667178f840bb3b4b81d4e0545,
        type: 3}
      propertyPath: m_LocalEulerAnglesHint.z
      value: 0
      objectReference: {fileID: 0}
    m_RemovedComponents: []
  m_SourcePrefab: {fileID: 100100000, guid: 6ecc8e7667178f840bb3b4b81d4e0545, type: 3}
--- !u!4 &2070669457 stripped
Transform:
  m_CorrespondingSourceObject: {fileID: 2278955375586289185, guid: 6ecc8e7667178f840bb3b4b81d4e0545,
    type: 3}
  m_PrefabInstance: {fileID: 2070669456}
  m_PrefabAsset: {fileID: 0}
--- !u!1001 &975640240218170976
PrefabInstance:
  m_ObjectHideFlags: 0
  serializedVersion: 2
  m_Modification:
    m_TransformParent: {fileID: 961062896}
    m_Modifications:
    - target: {fileID: 6375824472823586413, guid: 976b94b3b88260347a296466a2680d29,
        type: 3}
      propertyPath: m_Name
      value: Paddle
      objectReference: {fileID: 0}
    - target: {fileID: 5584626742033868836, guid: 976b94b3b88260347a296466a2680d29,
        type: 3}
      propertyPath: m_LocalPosition.x
      value: 0
      objectReference: {fileID: 0}
    - target: {fileID: 5584626742033868836, guid: 976b94b3b88260347a296466a2680d29,
        type: 3}
      propertyPath: m_LocalPosition.y
      value: -3.4
      objectReference: {fileID: 0}
    - target: {fileID: 5584626742033868836, guid: 976b94b3b88260347a296466a2680d29,
        type: 3}
      propertyPath: m_LocalPosition.z
      value: 0
      objectReference: {fileID: 0}
    - target: {fileID: 5584626742033868836, guid: 976b94b3b88260347a296466a2680d29,
        type: 3}
      propertyPath: m_LocalRotation.x
      value: -0
      objectReference: {fileID: 0}
    - target: {fileID: 5584626742033868836, guid: 976b94b3b88260347a296466a2680d29,
        type: 3}
      propertyPath: m_LocalRotation.y
      value: -0
      objectReference: {fileID: 0}
    - target: {fileID: 5584626742033868836, guid: 976b94b3b88260347a296466a2680d29,
        type: 3}
      propertyPath: m_LocalRotation.z
      value: -0
      objectReference: {fileID: 0}
    - target: {fileID: 5584626742033868836, guid: 976b94b3b88260347a296466a2680d29,
        type: 3}
      propertyPath: m_LocalRotation.w
      value: 1
      objectReference: {fileID: 0}
    - target: {fileID: 5584626742033868836, guid: 976b94b3b88260347a296466a2680d29,
        type: 3}
      propertyPath: m_RootOrder
      value: 3
      objectReference: {fileID: 0}
    - target: {fileID: 5584626742033868836, guid: 976b94b3b88260347a296466a2680d29,
        type: 3}
      propertyPath: m_LocalEulerAnglesHint.x
      value: 0
      objectReference: {fileID: 0}
    - target: {fileID: 5584626742033868836, guid: 976b94b3b88260347a296466a2680d29,
        type: 3}
      propertyPath: m_LocalEulerAnglesHint.y
      value: 0
      objectReference: {fileID: 0}
    - target: {fileID: 5584626742033868836, guid: 976b94b3b88260347a296466a2680d29,
        type: 3}
      propertyPath: m_LocalEulerAnglesHint.z
      value: 0
      objectReference: {fileID: 0}
    - target: {fileID: 5270367554727431747, guid: 976b94b3b88260347a296466a2680d29,
        type: 3}
      propertyPath: autoPlay
      value: 0
      objectReference: {fileID: 0}
    m_RemovedComponents: []
  m_SourcePrefab: {fileID: 100100000, guid: 976b94b3b88260347a296466a2680d29, type: 3}
--- !u!1001 &1507204319227131250
PrefabInstance:
  m_ObjectHideFlags: 0
  serializedVersion: 2
  m_Modification:
    m_TransformParent: {fileID: 0}
    m_Modifications:
    - target: {fileID: 8006593636259580106, guid: 83c96dd2d88a65d488cd9f93c4592cc0,
        type: 3}
      propertyPath: m_Name
      value: Level Manager
      objectReference: {fileID: 0}
    - target: {fileID: 1795853974838113056, guid: 83c96dd2d88a65d488cd9f93c4592cc0,
        type: 3}
      propertyPath: m_LocalPosition.x
      value: 0
      objectReference: {fileID: 0}
    - target: {fileID: 1795853974838113056, guid: 83c96dd2d88a65d488cd9f93c4592cc0,
        type: 3}
      propertyPath: m_LocalPosition.y
      value: 0
      objectReference: {fileID: 0}
    - target: {fileID: 1795853974838113056, guid: 83c96dd2d88a65d488cd9f93c4592cc0,
        type: 3}
      propertyPath: m_LocalPosition.z
      value: 0
      objectReference: {fileID: 0}
    - target: {fileID: 1795853974838113056, guid: 83c96dd2d88a65d488cd9f93c4592cc0,
        type: 3}
      propertyPath: m_LocalRotation.x
      value: 0
      objectReference: {fileID: 0}
    - target: {fileID: 1795853974838113056, guid: 83c96dd2d88a65d488cd9f93c4592cc0,
        type: 3}
      propertyPath: m_LocalRotation.y
      value: 0
      objectReference: {fileID: 0}
    - target: {fileID: 1795853974838113056, guid: 83c96dd2d88a65d488cd9f93c4592cc0,
        type: 3}
      propertyPath: m_LocalRotation.z
      value: 0
      objectReference: {fileID: 0}
    - target: {fileID: 1795853974838113056, guid: 83c96dd2d88a65d488cd9f93c4592cc0,
        type: 3}
      propertyPath: m_LocalRotation.w
      value: 1
      objectReference: {fileID: 0}
    - target: {fileID: 1795853974838113056, guid: 83c96dd2d88a65d488cd9f93c4592cc0,
        type: 3}
      propertyPath: m_RootOrder
      value: 3
      objectReference: {fileID: 0}
    - target: {fileID: 1795853974838113056, guid: 83c96dd2d88a65d488cd9f93c4592cc0,
        type: 3}
      propertyPath: m_LocalEulerAnglesHint.x
      value: 0
      objectReference: {fileID: 0}
    - target: {fileID: 1795853974838113056, guid: 83c96dd2d88a65d488cd9f93c4592cc0,
        type: 3}
      propertyPath: m_LocalEulerAnglesHint.y
      value: 0
      objectReference: {fileID: 0}
    - target: {fileID: 1795853974838113056, guid: 83c96dd2d88a65d488cd9f93c4592cc0,
        type: 3}
      propertyPath: m_LocalEulerAnglesHint.z
      value: 0
      objectReference: {fileID: 0}
    m_RemovedComponents: []
  m_SourcePrefab: {fileID: 100100000, guid: 83c96dd2d88a65d488cd9f93c4592cc0, type: 3}
--- !u!1001 &2466775025784649747
PrefabInstance:
  m_ObjectHideFlags: 0
  serializedVersion: 2
  m_Modification:
    m_TransformParent: {fileID: 961062896}
    m_Modifications:
    - target: {fileID: 2499863454249031695, guid: 1625bcbff063cca4fa287ba87a4f994a,
        type: 3}
      propertyPath: m_Name
      value: Touch Space
      objectReference: {fileID: 0}
    - target: {fileID: 4683557417671283892, guid: 1625bcbff063cca4fa287ba87a4f994a,
        type: 3}
      propertyPath: m_LocalPosition.x
      value: 0
      objectReference: {fileID: 0}
    - target: {fileID: 4683557417671283892, guid: 1625bcbff063cca4fa287ba87a4f994a,
        type: 3}
      propertyPath: m_LocalPosition.y
      value: -10
      objectReference: {fileID: 0}
    - target: {fileID: 4683557417671283892, guid: 1625bcbff063cca4fa287ba87a4f994a,
        type: 3}
      propertyPath: m_LocalPosition.z
      value: 0
      objectReference: {fileID: 0}
    - target: {fileID: 4683557417671283892, guid: 1625bcbff063cca4fa287ba87a4f994a,
        type: 3}
      propertyPath: m_LocalRotation.x
      value: -0
      objectReference: {fileID: 0}
    - target: {fileID: 4683557417671283892, guid: 1625bcbff063cca4fa287ba87a4f994a,
        type: 3}
      propertyPath: m_LocalRotation.y
      value: -0
      objectReference: {fileID: 0}
    - target: {fileID: 4683557417671283892, guid: 1625bcbff063cca4fa287ba87a4f994a,
        type: 3}
      propertyPath: m_LocalRotation.z
      value: -0
      objectReference: {fileID: 0}
    - target: {fileID: 4683557417671283892, guid: 1625bcbff063cca4fa287ba87a4f994a,
        type: 3}
      propertyPath: m_LocalRotation.w
      value: 1
      objectReference: {fileID: 0}
    - target: {fileID: 4683557417671283892, guid: 1625bcbff063cca4fa287ba87a4f994a,
        type: 3}
      propertyPath: m_RootOrder
      value: 2
      objectReference: {fileID: 0}
    - target: {fileID: 4683557417671283892, guid: 1625bcbff063cca4fa287ba87a4f994a,
        type: 3}
      propertyPath: m_LocalEulerAnglesHint.x
      value: 0
      objectReference: {fileID: 0}
    - target: {fileID: 4683557417671283892, guid: 1625bcbff063cca4fa287ba87a4f994a,
        type: 3}
      propertyPath: m_LocalEulerAnglesHint.y
      value: 0
      objectReference: {fileID: 0}
    - target: {fileID: 4683557417671283892, guid: 1625bcbff063cca4fa287ba87a4f994a,
        type: 3}
      propertyPath: m_LocalEulerAnglesHint.z
      value: 0
      objectReference: {fileID: 0}
    m_RemovedComponents: []
  m_SourcePrefab: {fileID: 100100000, guid: 1625bcbff063cca4fa287ba87a4f994a, type: 3}
--- !u!4 &4683557417671283892 stripped
Transform:
  m_CorrespondingSourceObject: {fileID: 4683557417671283892, guid: 1625bcbff063cca4fa287ba87a4f994a,
    type: 3}
  m_PrefabInstance: {fileID: 2466775025784649747}
  m_PrefabAsset: {fileID: 0}
--- !u!4 &5059518034906069097 stripped
Transform:
  m_CorrespondingSourceObject: {fileID: 5059518034906069097, guid: 63b5cb3e32b349c43b055b63e94cb2b4,
    type: 3}
  m_PrefabInstance: {fileID: 8977032703309866932}
  m_PrefabAsset: {fileID: 0}
--- !u!4 &6375824472823586419 stripped
Transform:
  m_CorrespondingSourceObject: {fileID: 5584626742033868836, guid: 976b94b3b88260347a296466a2680d29,
    type: 3}
  m_PrefabInstance: {fileID: 975640240218170976}
  m_PrefabAsset: {fileID: 0}
--- !u!1001 &8686243750726693870
PrefabInstance:
  m_ObjectHideFlags: 0
  serializedVersion: 2
  m_Modification:
    m_TransformParent: {fileID: 961062896}
    m_Modifications:
    - target: {fileID: 8686243749811342530, guid: a18776ea7f932864387d81bdacfe8279,
        type: 3}
      propertyPath: m_Name
      value: Border
      objectReference: {fileID: 0}
    - target: {fileID: 8686243749811342531, guid: a18776ea7f932864387d81bdacfe8279,
        type: 3}
      propertyPath: m_LocalPosition.x
      value: 0
      objectReference: {fileID: 0}
    - target: {fileID: 8686243749811342531, guid: a18776ea7f932864387d81bdacfe8279,
        type: 3}
      propertyPath: m_LocalPosition.y
      value: 0
      objectReference: {fileID: 0}
    - target: {fileID: 8686243749811342531, guid: a18776ea7f932864387d81bdacfe8279,
        type: 3}
      propertyPath: m_LocalPosition.z
      value: 0
      objectReference: {fileID: 0}
    - target: {fileID: 8686243749811342531, guid: a18776ea7f932864387d81bdacfe8279,
        type: 3}
      propertyPath: m_LocalRotation.x
      value: -0
      objectReference: {fileID: 0}
    - target: {fileID: 8686243749811342531, guid: a18776ea7f932864387d81bdacfe8279,
        type: 3}
      propertyPath: m_LocalRotation.y
      value: -0
      objectReference: {fileID: 0}
    - target: {fileID: 8686243749811342531, guid: a18776ea7f932864387d81bdacfe8279,
        type: 3}
      propertyPath: m_LocalRotation.z
      value: -0
      objectReference: {fileID: 0}
    - target: {fileID: 8686243749811342531, guid: a18776ea7f932864387d81bdacfe8279,
        type: 3}
      propertyPath: m_LocalRotation.w
      value: 1
      objectReference: {fileID: 0}
    - target: {fileID: 8686243749811342531, guid: a18776ea7f932864387d81bdacfe8279,
        type: 3}
      propertyPath: m_RootOrder
      value: 5
      objectReference: {fileID: 0}
    - target: {fileID: 8686243749811342531, guid: a18776ea7f932864387d81bdacfe8279,
        type: 3}
      propertyPath: m_LocalEulerAnglesHint.x
      value: 0
      objectReference: {fileID: 0}
    - target: {fileID: 8686243749811342531, guid: a18776ea7f932864387d81bdacfe8279,
        type: 3}
      propertyPath: m_LocalEulerAnglesHint.y
      value: 0
      objectReference: {fileID: 0}
    - target: {fileID: 8686243749811342531, guid: a18776ea7f932864387d81bdacfe8279,
        type: 3}
      propertyPath: m_LocalEulerAnglesHint.z
      value: 0
      objectReference: {fileID: 0}
    m_RemovedComponents:
    - {fileID: 897538406017655982, guid: a18776ea7f932864387d81bdacfe8279, type: 3}
    - {fileID: 6733689150096488376, guid: a18776ea7f932864387d81bdacfe8279, type: 3}
    - {fileID: 6733689150132341005, guid: a18776ea7f932864387d81bdacfe8279, type: 3}
    - {fileID: 6733689150120841737, guid: a18776ea7f932864387d81bdacfe8279, type: 3}
    - {fileID: 6733689149947294258, guid: a18776ea7f932864387d81bdacfe8279, type: 3}
    - {fileID: 6733689149926671441, guid: a18776ea7f932864387d81bdacfe8279, type: 3}
    - {fileID: 6733689149816803169, guid: a18776ea7f932864387d81bdacfe8279, type: 3}
    - {fileID: 6733689149814717100, guid: a18776ea7f932864387d81bdacfe8279, type: 3}
    - {fileID: 6733689149850894774, guid: a18776ea7f932864387d81bdacfe8279, type: 3}
    - {fileID: 6733689149838605925, guid: a18776ea7f932864387d81bdacfe8279, type: 3}
    - {fileID: 6733689149638757111, guid: a18776ea7f932864387d81bdacfe8279, type: 3}
    - {fileID: 6733689149498167901, guid: a18776ea7f932864387d81bdacfe8279, type: 3}
    - {fileID: 6733689149271186410, guid: a18776ea7f932864387d81bdacfe8279, type: 3}
    - {fileID: 6733689149116283537, guid: a18776ea7f932864387d81bdacfe8279, type: 3}
    - {fileID: 6733689149228675031, guid: a18776ea7f932864387d81bdacfe8279, type: 3}
    - {fileID: 6733689149176380832, guid: a18776ea7f932864387d81bdacfe8279, type: 3}
    - {fileID: 6733689148971479974, guid: a18776ea7f932864387d81bdacfe8279, type: 3}
    - {fileID: 6733689148850643469, guid: a18776ea7f932864387d81bdacfe8279, type: 3}
    - {fileID: 6733689148846397667, guid: a18776ea7f932864387d81bdacfe8279, type: 3}
    - {fileID: 6733689148604360523, guid: a18776ea7f932864387d81bdacfe8279, type: 3}
    - {fileID: 6733689148581770349, guid: a18776ea7f932864387d81bdacfe8279, type: 3}
    - {fileID: 6733689148666049759, guid: a18776ea7f932864387d81bdacfe8279, type: 3}
    - {fileID: 6733689148299350822, guid: a18776ea7f932864387d81bdacfe8279, type: 3}
    - {fileID: 6733689148427957089, guid: a18776ea7f932864387d81bdacfe8279, type: 3}
    - {fileID: 6733689148399220147, guid: a18776ea7f932864387d81bdacfe8279, type: 3}
    - {fileID: 6733689148378953577, guid: a18776ea7f932864387d81bdacfe8279, type: 3}
    - {fileID: 6733689148209960060, guid: a18776ea7f932864387d81bdacfe8279, type: 3}
    - {fileID: 6733689148172922247, guid: a18776ea7f932864387d81bdacfe8279, type: 3}
    - {fileID: 6733689148279519046, guid: a18776ea7f932864387d81bdacfe8279, type: 3}
    - {fileID: 6733689148277506808, guid: a18776ea7f932864387d81bdacfe8279, type: 3}
    - {fileID: 6733689148249556620, guid: a18776ea7f932864387d81bdacfe8279, type: 3}
    - {fileID: 6733689148227750976, guid: a18776ea7f932864387d81bdacfe8279, type: 3}
    - {fileID: 6733689148053447919, guid: a18776ea7f932864387d81bdacfe8279, type: 3}
  m_SourcePrefab: {fileID: 100100000, guid: a18776ea7f932864387d81bdacfe8279, type: 3}
--- !u!1001 &8802774443164709693
PrefabInstance:
  m_ObjectHideFlags: 0
  serializedVersion: 2
  m_Modification:
    m_TransformParent: {fileID: 961062896}
    m_Modifications:
    - target: {fileID: 8204132797006757542, guid: c8778f93926dfdf40be23ad27e2a714e,
        type: 3}
      propertyPath: m_Name
      value: Ball
      objectReference: {fileID: 0}
    - target: {fileID: 8890395059497633817, guid: c8778f93926dfdf40be23ad27e2a714e,
        type: 3}
      propertyPath: m_LocalPosition.x
      value: 0
      objectReference: {fileID: 0}
    - target: {fileID: 8890395059497633817, guid: c8778f93926dfdf40be23ad27e2a714e,
        type: 3}
      propertyPath: m_LocalPosition.y
      value: -2.48
      objectReference: {fileID: 0}
    - target: {fileID: 8890395059497633817, guid: c8778f93926dfdf40be23ad27e2a714e,
        type: 3}
      propertyPath: m_LocalPosition.z
      value: 0
      objectReference: {fileID: 0}
    - target: {fileID: 8890395059497633817, guid: c8778f93926dfdf40be23ad27e2a714e,
        type: 3}
      propertyPath: m_LocalRotation.x
      value: -0
      objectReference: {fileID: 0}
    - target: {fileID: 8890395059497633817, guid: c8778f93926dfdf40be23ad27e2a714e,
        type: 3}
      propertyPath: m_LocalRotation.y
      value: -0
      objectReference: {fileID: 0}
    - target: {fileID: 8890395059497633817, guid: c8778f93926dfdf40be23ad27e2a714e,
        type: 3}
      propertyPath: m_LocalRotation.z
      value: -0
      objectReference: {fileID: 0}
    - target: {fileID: 8890395059497633817, guid: c8778f93926dfdf40be23ad27e2a714e,
        type: 3}
      propertyPath: m_LocalRotation.w
      value: 1
      objectReference: {fileID: 0}
    - target: {fileID: 8890395059497633817, guid: c8778f93926dfdf40be23ad27e2a714e,
        type: 3}
      propertyPath: m_RootOrder
      value: 1
      objectReference: {fileID: 0}
    - target: {fileID: 8890395059497633817, guid: c8778f93926dfdf40be23ad27e2a714e,
        type: 3}
      propertyPath: m_LocalEulerAnglesHint.x
      value: 0
      objectReference: {fileID: 0}
    - target: {fileID: 8890395059497633817, guid: c8778f93926dfdf40be23ad27e2a714e,
        type: 3}
      propertyPath: m_LocalEulerAnglesHint.y
      value: 0
      objectReference: {fileID: 0}
    - target: {fileID: 8890395059497633817, guid: c8778f93926dfdf40be23ad27e2a714e,
        type: 3}
      propertyPath: m_LocalEulerAnglesHint.z
      value: 0
      objectReference: {fileID: 0}
    m_RemovedComponents: []
  m_SourcePrefab: {fileID: 100100000, guid: c8778f93926dfdf40be23ad27e2a714e, type: 3}
--- !u!1001 &8977032703309866932
PrefabInstance:
  m_ObjectHideFlags: 0
  serializedVersion: 2
  m_Modification:
    m_TransformParent: {fileID: 1799633168}
    m_Modifications:
    - target: {fileID: 5301369473024639223, guid: 63b5cb3e32b349c43b055b63e94cb2b4,
        type: 3}
      propertyPath: m_Name
      value: Ghost Boss
      objectReference: {fileID: 0}
    - target: {fileID: 5059518034906069097, guid: 63b5cb3e32b349c43b055b63e94cb2b4,
        type: 3}
      propertyPath: m_LocalPosition.x
      value: 0
      objectReference: {fileID: 0}
    - target: {fileID: 5059518034906069097, guid: 63b5cb3e32b349c43b055b63e94cb2b4,
        type: 3}
      propertyPath: m_LocalPosition.y
      value: 6.89
      objectReference: {fileID: 0}
    - target: {fileID: 5059518034906069097, guid: 63b5cb3e32b349c43b055b63e94cb2b4,
        type: 3}
      propertyPath: m_LocalPosition.z
      value: 0
      objectReference: {fileID: 0}
    - target: {fileID: 5059518034906069097, guid: 63b5cb3e32b349c43b055b63e94cb2b4,
        type: 3}
      propertyPath: m_LocalRotation.x
      value: -0
      objectReference: {fileID: 0}
    - target: {fileID: 5059518034906069097, guid: 63b5cb3e32b349c43b055b63e94cb2b4,
        type: 3}
      propertyPath: m_LocalRotation.y
      value: -0
      objectReference: {fileID: 0}
    - target: {fileID: 5059518034906069097, guid: 63b5cb3e32b349c43b055b63e94cb2b4,
        type: 3}
      propertyPath: m_LocalRotation.z
      value: -0
      objectReference: {fileID: 0}
    - target: {fileID: 5059518034906069097, guid: 63b5cb3e32b349c43b055b63e94cb2b4,
        type: 3}
      propertyPath: m_LocalRotation.w
      value: 1
      objectReference: {fileID: 0}
    - target: {fileID: 5059518034906069097, guid: 63b5cb3e32b349c43b055b63e94cb2b4,
        type: 3}
      propertyPath: m_RootOrder
      value: 0
      objectReference: {fileID: 0}
    - target: {fileID: 5059518034906069097, guid: 63b5cb3e32b349c43b055b63e94cb2b4,
        type: 3}
      propertyPath: m_LocalEulerAnglesHint.x
      value: 0
      objectReference: {fileID: 0}
    - target: {fileID: 5059518034906069097, guid: 63b5cb3e32b349c43b055b63e94cb2b4,
        type: 3}
      propertyPath: m_LocalEulerAnglesHint.y
      value: 0
      objectReference: {fileID: 0}
    - target: {fileID: 5059518034906069097, guid: 63b5cb3e32b349c43b055b63e94cb2b4,
        type: 3}
      propertyPath: m_LocalEulerAnglesHint.z
      value: 0
      objectReference: {fileID: 0}
    - target: {fileID: 5301369473024639226, guid: 63b5cb3e32b349c43b055b63e94cb2b4,
        type: 3}
      propertyPath: m_Enabled
      value: 1
      objectReference: {fileID: 0}
    m_RemovedComponents: []
  m_SourcePrefab: {fileID: 100100000, guid: 63b5cb3e32b349c43b055b63e94cb2b4, type: 3}
